
@misc{Complexity,
  author = {Hunter, Geoffrey},
  title = {Algorithm Time Complexity},
  year = 1999,
  howpublished = "\url{https://blog.mbedded.ninja/programming/algorithms-and-data-structures/algorithm-time-complexity/}"
}